
@book{knitr2015,
  title = {Dynamic Documents with {{R}} and Knitr},
  author = {Xie, Yihui},
  year = {2015},
  edition = {Second},
  publisher = {{Chapman and Hall/CRC}},
  address = {{Boca Raton, Florida}},
  url = {https://yihui.org/knitr/}
}

@book{R-bookdown,
  title = {Bookdown: {{Authoring}} Books and Technical Documents with r Markdown},
  author = {Xie, Yihui},
  year = {2020},
  publisher = {{Chapman \& Hall}},
  url = {https://bookdown.org/yihui/bookdown/}
}

@manual{R-knitr,
  title = {Knitr: {{A}} General-Purpose Package for Dynamic Report Generation in r},
  author = {Xie, Yihui},
  year = {2020},
  url = {https://CRAN.R-project.org/package=knitr},
  type = {Manual}
}

@manual{R-rmarkdown,
  title = {Rmarkdown: {{Dynamic}} Documents for r},
  author = {Allaire, JJ and Xie, Yihui and McPherson, Jonathan and Luraschi, Javier and Ushey, Kevin and Atkins, Aron and Wickham, Hadley and Cheng, Joe and Chang, Winston and Iannone, Richard},
  year = {2020},
  url = {https://CRAN.R-project.org/package=rmarkdown},
  type = {Manual}
}

@book{rmarkdown2018,
  title = {R Markdown: {{The}} Definitive Guide},
  author = {Xie, Yihui and Allaire, J.J. and Grolemund, Garrett},
  year = {2018},
  publisher = {{Chapman and Hall/CRC}},
  address = {{Boca Raton, Florida}},
  url = {https://bookdown.org/yihui/rmarkdown}
}

@misc{xie2020TinyTeX,
  title = {{{TinyTeX}} --- {{A}} Lightweight, Cross-Platform, Portable, and Easy-to-Maintain {{LaTeX}} Distribution Based on {{TeX Live}}},
  author = {Xie, Yihui},
  year = {2020},
  url = {https://yihui.org/tinytex/}
}


