@Manual{R-base,
  title = {R: A Language and Environment for Statistical Computing},
  author = {{R Core Team}},
  organization = {R Foundation for Statistical Computing},
  address = {Vienna, Austria},
  year = {2020},
  url = {https://www.R-project.org/},
}
@Manual{R-bookdown,
  title = {bookdown: Authoring Books and Technical Documents with R Markdown},
  author = {Yihui Xie},
  year = {2020},
  note = {R package version 0.18},
  url = {https://CRAN.R-project.org/package=bookdown},
}
@Manual{R-citr,
  title = {citr: RStudio Add-in to Insert Markdown Citations},
  author = {Frederik Aust},
  year = {2019},
  note = {R package version 0.3.2},
  url = {https://CRAN.R-project.org/package=citr},
}
@book{wickham2016Data,
  title = {R for Data Science: Import, Tidy, Transform, Visualize, and Model Data},
  shorttitle = {R for Data Science},
  author = {Wickham, Hadley and Grolemund, Garrett},
  year = {2016},
  edition = {First edition},
  publisher = {{O'Reilly}},
  address = {{Sebastopol, CA}},
  url = {https://r4ds.had.co.nz/},
  isbn = {978-1-4919-1039-9 978-1-4919-1036-8},
  jauthor = {黒川利明・大橋真也},
  jpublisher = {オライリー・ジャパン},
  jtitle = {Rで始めるデータサイエンス},
  jyear = {2017},
  keywords = {Big data,Computer programs,Data mining,Databases,Electronic data processing,Information visualization,R (Computer program language),Statistics},
  lccn = {QA276.45.R3 W53 2016}
}
@book{varian2014Intermediate,
  title = {Intermediate Microeconomics: A Modern Approach},
  shorttitle = {Intermediate Microeconomics},
  author = {Varian, Hal R.},
  jauthor={佐藤隆三},
  year = {2014},
  edition = {Ninth edition},
  publisher = {{W.W. Norton \& Company}},
  jpublisher={勁草書房},
  address = {{New York London}},
  isbn = {978-0-393-12397-5 978-0-393-91967-7 978-0-393-12396-8 978-0-393-90543-4},
  jtitle = {入門ミクロ経済学},
  jyear = {2015},
  language = {eng}
}
