
@unpublished{doughertyforthcomingHandsOn,
  title = {Hands-{{On Data Visualization Interactive Storytelling}} from {{Spreadsheets}} to {{Code}}},
  author = {Dougherty, Jack and Ilyankou, Ilya},
  year = {forthcoming},
  url = {https://handsondataviz.org/}
}

@book{jolly2018HandsOn,
  title = {Hands-{{On Data Visualization}} with {{Bokeh}}: {{Interactive Web Plotting}} for {{Python Using Bokeh}}.},
  shorttitle = {Hands-{{On Data Visualization}} with {{Bokeh}}},
  author = {Jolly, Kevin},
  year = {2018},
  publisher = {{Packt Publishing Ltd}},
  address = {{Birmingham}},
  url = {https://search.ebscohost.com/login.aspx?direct=true\&scope=site\&db=nlebk\&db=nlabk\&AN=1835597},
  urldate = {2020-09-10},
  annotation = {OCLC: 1042325563},
  isbn = {978-1-78913-131-4 978-1-78913-540-4},
  language = {English}
}

@book{knitr2015,
  title = {Dynamic Documents with {{R}} and Knitr},
  author = {Xie, Yihui},
  year = {2015},
  edition = {Second},
  publisher = {{Chapman and Hall/CRC}},
  address = {{Boca Raton, Florida}},
  url = {https://yihui.org/knitr/}
}

@book{R-bookdown,
  title = {Bookdown: {{Authoring}} Books and Technical Documents with r Markdown},
  author = {Xie, Yihui},
  year = {2020},
  publisher = {{Chapman \& Hall}},
  url = {https://bookdown.org/yihui/bookdown/}
}

@manual{R-knitr,
  title = {Knitr: {{A}} General-Purpose Package for Dynamic Report Generation in r},
  author = {Xie, Yihui},
  year = {2020},
  url = {https://CRAN.R-project.org/package=knitr},
  type = {Manual}
}

@manual{R-rmarkdown,
  title = {Rmarkdown: {{Dynamic}} Documents for r},
  author = {Allaire, JJ and Xie, Yihui and McPherson, Jonathan and Luraschi, Javier and Ushey, Kevin and Atkins, Aron and Wickham, Hadley and Cheng, Joe and Chang, Winston and Iannone, Richard},
  year = {2020},
  url = {https://CRAN.R-project.org/package=rmarkdown},
  type = {Manual}
}

@book{rmarkdown2018,
  title = {R Markdown: {{The}} Definitive Guide},
  author = {Xie, Yihui and Allaire, J.J. and Grolemund, Garrett},
  year = {2018},
  publisher = {{Chapman and Hall/CRC}},
  address = {{Boca Raton, Florida}},
  url = {https://bookdown.org/yihui/rmarkdown}
}

@article{wickham2010Layered,
  title = {A {{Layered Grammar}} of {{Graphics}}},
  author = {Wickham, Hadley},
  year = {2010},
  month = jan,
  volume = {19},
  pages = {3--28},
  issn = {1061-8600, 1537-2715},
  doi = {10.1198/jcgs.2009.07098},
  url = {http://www.tandfonline.com/doi/abs/10.1198/jcgs.2009.07098},
  urldate = {2018-11-09},
  journal = {Journal of Computational and Graphical Statistics},
  keywords = {unread},
  language = {en},
  number = {1}
}

@article{wickham2015Visualizing,
  title = {Visualizing Statistical Models: {{Removing}} the Blindfold: {{Visualizing Statistical Models}}},
  shorttitle = {Visualizing Statistical Models},
  author = {Wickham, Hadley and Cook, Dianne and Hofmann, Heike},
  year = {2015},
  month = aug,
  volume = {8},
  pages = {203--225},
  issn = {19321864},
  doi = {10.1002/sam.11271},
  url = {http://doi.wiley.com/10.1002/sam.11271},
  urldate = {2018-11-09},
  journal = {Statistical Analysis and Data Mining: The ASA Data Science Journal},
  keywords = {unread},
  language = {en},
  number = {4}
}

@book{wickham2016Data,
  title = {R for Data Science: Import, Tidy, Transform, Visualize, and Model Data},
  shorttitle = {R for Data Science},
  author = {Wickham, Hadley and Grolemund, Garrett},
  year = {2016},
  edition = {First edition},
  publisher = {{O'Reilly}},
  address = {{Sebastopol, CA}},
  url = {https://r4ds.had.co.nz/},
  annotation = {OCLC: ocn968213225},
  isbn = {978-1-4919-1039-9 978-1-4919-1036-8},
  jauthor = {黒川利明・大橋真也},
  jpublisher = {オライリー・ジャパン},
  jtitle = {Rで始めるデータサイエンス},
  jyear = {2017},
  keywords = {Big data,Computer programs,Data mining,Databases,Electronic data processing,Information visualization,R (Computer program language),Statistics},
  lccn = {QA276.45.R3 W53 2016}
}

@book{xie2020Markdown,
  title = {R {{Markdown Cookbook}}},
  author = {Xie, Yihui and Dervieux, Christophe and Riederer, Emily},
  year = {2020},
  publisher = {{CRC PRESS}},
  address = {{S.l.}},
  url = {https://bookdown.org/yihui/rmarkdown-cookbook/},
  annotation = {OCLC: 1182857780},
  isbn = {978-0-367-56383-7},
  language = {English}
}

@misc{xie2020TinyTeX,
  title = {{{TinyTeX}} --- {{A}} Lightweight, Cross-Platform, Portable, and Easy-to-Maintain {{LaTeX}} Distribution Based on {{TeX Live}}},
  author = {Xie, Yihui},
  year = {2020},
  url = {https://yihui.org/tinytex/}
}


